@inproceedings{guo2016deep,
 author = {Guo, Jiafeng and Fan, Yixing and Ai, Qingyao and Croft, W. Bruce},
 title = {A Deep Relevance Matching Model for Ad-hoc Retrieval},
 booktitle = {Proceedings of the 25th ACM International on Conference on Information and Knowledge Management},
 series = {CIKM '16},
 year = {2016},
 isbn = {978-1-4503-4073-1},
 location = {Indianapolis, Indiana, USA},
 pages = {55--64},
 numpages = {10},
 url = {http://doi.acm.org/10.1145/2983323.2983769},
 doi = {10.1145/2983323.2983769},
 acmid = {2983769},
 publisher = {ACM},
 address = {New York, NY, USA},
 keywords = {ad-hoc retrieval, neural models, ranking models, relevance matching, semantic matching},
} 

@inproceedings{dehghani2017neural,
 author = {Dehghani, Mostafa and Zamani, Hamed and Severyn, Aliaksei and Kamps, Jaap and Croft, W. Bruce},
 title = {Neural Ranking Models with Weak Supervision},
 booktitle = {Proceedings of the 40th International ACM SIGIR Conference on Research and Development in Information Retrieval},
 series = {SIGIR '17},
 year = {2017},
 isbn = {978-1-4503-5022-8},
 location = {Shinjuku, Tokyo, Japan},
 pages = {65--74},
 numpages = {10},
 url = {http://doi.acm.org/10.1145/3077136.3080832},
 doi = {10.1145/3077136.3080832},
 acmid = {3080832},
 publisher = {ACM},
 address = {New York, NY, USA},
 keywords = {ad-hoc retrieval, deep learning, deep neural network, ranking model, weak supervision},
} 

@inproceedings{huang2013learning,
 author = {Huang, Po-Sen and He, Xiaodong and Gao, Jianfeng and Deng, Li and Acero, Alex and Heck, Larry},
 title = {Learning Deep Structured Semantic Models for Web Search Using Clickthrough Data},
 booktitle = {Proceedings of the 22Nd ACM International Conference on Information \& Knowledge Management},
 series = {CIKM '13},
 year = {2013},
 isbn = {978-1-4503-2263-8},
 location = {San Francisco, California, USA},
 pages = {2333--2338},
 numpages = {6},
 url = {http://doi.acm.org/10.1145/2505515.2505665},
 doi = {10.1145/2505515.2505665},
 acmid = {2505665},
 publisher = {ACM},
 address = {New York, NY, USA},
 keywords = {clickthrough data, deep learning, semantic model, web search},
}

% !!!!!!!!!!!!!!!!!!!!!!!!!!!!!!!!!!!
@article{zhang2016neural,
  title={Neural Information Retrieval: A Literature Review},
  author={Zhang, Ye and Rahman, Md Mustafizur and Braylan, Alex and Dang, Brandon and Chang, Heng-Lu and Kim, Henna and McNamara, Quinten and Angert, Aaron and Banner, Edward and Khetan, Vivek and others},
  journal={arXiv preprint arXiv:1611.06792},
  year={2016}
}

@article{DBLP:journals/corr/MacAvaneyHY17,
  author    = {Sean MacAvaney and
               Kai Hui and
               Andrew Yates},
  title     = {An Approach for Weakly-Supervised Deep Information Retrieval},
  journal   = {CoRR},
  volume    = {abs/1707.00189},
  year      = {2017},
  url       = {http://arxiv.org/abs/1707.00189},
  archivePrefix = {arXiv},
  eprint    = {1707.00189},
  timestamp = {Sat, 05 Aug 2017 14:56:20 +0200},
  biburl    = {http://dblp.org/rec/bib/journals/corr/MacAvaneyHY17},
  bibsource = {dblp computer science bibliography, http://dblp.org}
}

@inproceedings{Shen:2014:LSR:2567948.2577348,
 author = {Shen, Yelong and He, Xiaodong and Gao, Jianfeng and Deng, Li and Mesnil, Gr{\'e}goire},
 title = {Learning Semantic Representations Using Convolutional Neural Networks for Web Search},
 booktitle = {Proceedings of the 23rd International Conference on World Wide Web},
 series = {WWW '14 Companion},
 year = {2014},
 isbn = {978-1-4503-2745-9},
 location = {Seoul, Korea},
 pages = {373--374},
 numpages = {2},
 url = {http://doi.acm.org/10.1145/2567948.2577348},
 doi = {10.1145/2567948.2577348},
 acmid = {2577348},
 publisher = {ACM},
 address = {New York, NY, USA},
 keywords = {convolutional neural network, semantic representation},
} 

@article{pang2016study,
  title={A study of matchpyramid models on ad-hoc retrieval},
  author={Pang, Liang and Lan, Yanyan and Guo, Jiafeng and Xu, Jun and Cheng, Xueqi},
  journal={arXiv preprint arXiv:1606.04648},
  year={2016}
}

@inproceedings{mitra2016learning,
 author = {Mitra, Bhaskar and Diaz, Fernando and Craswell, Nick},
 title = {Learning to Match Using Local and Distributed Representations of Text for Web Search},
 booktitle = {Proceedings of the 26th International Conference on World Wide Web},
 series = {WWW '17},
 year = {2017},
 isbn = {978-1-4503-4913-0},
 location = {Perth, Australia},
 pages = {1291--1299},
 numpages = {9},
 url = {https://doi.org/10.1145/3038912.3052579},
 doi = {10.1145/3038912.3052579},
 acmid = {3052579},
 publisher = {International World Wide Web Conferences Steering Committee},
 address = {Republic and Canton of Geneva, Switzerland},
 keywords = {document ranking, information retrieval, neural networks},
} 

@inproceedings{hui2017position,
 author = {Hui, Kai and Yates, Andrew and Berberich, Klaus and de Melo, Gerard},
 title = {Position-Aware Representations for Relevance Matching in Neural Information Retrieval},
 booktitle = {Proceedings of the 26th International Conference on World Wide Web Companion},
 series = {WWW '17 Companion},
 year = {2017},
 isbn = {978-1-4503-4914-7},
 location = {Perth, Australia},
 pages = {799--800},
 numpages = {2},
 url = {https://doi.org/10.1145/3041021.3054258},
 doi = {10.1145/3041021.3054258},
 acmid = {3054258},
 publisher = {International World Wide Web Conferences Steering Committee},
 address = {Republic and Canton of Geneva, Switzerland},
 keywords = {neural information retrieval, position-aware, relevance matching, representation, similarity matrix},
}

@inproceedings{xiong2017knrm,
 author = {Xiong, Chenyan and Dai, Zhuyun and Callan, Jamie and Liu, Zhiyuan and Power, Russell},
 title = {End-to-End Neural Ad-hoc Ranking with Kernel Pooling},
 booktitle = {Proceedings of the 40th International ACM SIGIR Conference on Research and Development in Information Retrieval},
 series = {SIGIR '17},
 year = {2017},
 isbn = {978-1-4503-5022-8},
 location = {Shinjuku, Tokyo, Japan},
 pages = {55--64},
 numpages = {10},
 url = {http://doi.acm.org/10.1145/3077136.3080809},
 doi = {10.1145/3077136.3080809},
 acmid = {3080809},
 publisher = {ACM},
 address = {New York, NY, USA},
 keywords = {embedding, kernel pooling, neural ir, ranking, relevance model},
}

@inproceedings{zamani2017relevance,
 author = {Zamani, Hamed and Croft, W. Bruce},
 title = {Relevance-based Word Embedding},
 booktitle = {Proceedings of the 40th International ACM SIGIR Conference on Research and Development in Information Retrieval},
 series = {SIGIR '17},
 year = {2017},
 isbn = {978-1-4503-5022-8},
 location = {Shinjuku, Tokyo, Japan},
 pages = {505--514},
 numpages = {10},
 url = {http://doi.acm.org/10.1145/3077136.3080831},
 doi = {10.1145/3077136.3080831},
 acmid = {3080831},
 publisher = {ACM},
 address = {New York, NY, USA},
 keywords = {embedding vector, neural network, query classification, query expansion, word representation},
}


@inproceedings{zuccon2015integrating,
 author = {Zuccon, Guido and Koopman, Bevan and Bruza, Peter and Azzopardi, Leif},
 title = {Integrating and Evaluating Neural Word Embeddings in Information Retrieval},
 booktitle = {Proceedings of the 20th Australasian Document Computing Symposium},
 series = {ADCS '15},
 year = {2015},
 isbn = {978-1-4503-4040-3},
 location = {Parramatta, NSW, Australia},
 pages = {12:1--12:8},
 articleno = {12},
 numpages = {8},
 url = {http://doi.acm.org/10.1145/2838931.2838936},
 doi = {10.1145/2838931.2838936},
 acmid = {2838936},
 publisher = {ACM},
 address = {New York, NY, USA},
}

@incollection{mikolov2013word2vec,
title = {Distributed Representations of Words and Phrases and their Compositionality},
author = {Mikolov, Tomas and Sutskever, Ilya and Chen, Kai and Corrado, Greg S and Dean, Jeff},
booktitle = {Advances in Neural Information Processing Systems 26},
editor = {C. J. C. Burges and L. Bottou and M. Welling and Z. Ghahramani and K. Q. Weinberger},
pages = {3111--3119},
year = {2013},
publisher = {Curran Associates, Inc.},
url = {http://papers.nips.cc/paper/5021-distributed-representations-of-words-and-phrases-and-their-compositionality.pdf}
}

@inproceedings{pennington2014glove,
  title={Glove: Global vectors for word representation},
  author={Pennington, Jeffrey and Socher, Richard and Manning, Christopher},
  booktitle={Proceedings of the 2014 conference on empirical methods in natural language processing (EMNLP)},
  pages={1532--1543},
  year={2014},
  url={https://www.aclweb.org/anthology/D14-1162}
}

@inproceedings{ganguly2015word,
 author = {Ganguly, Debasis and Roy, Dwaipayan and Mitra, Mandar and Jones, Gareth J.F.},
 title = {Word Embedding Based Generalized Language Model for Information Retrieval},
 booktitle = {Proceedings of the 38th International ACM SIGIR Conference on Research and Development in Information Retrieval},
 series = {SIGIR '15},
 year = {2015},
 isbn = {978-1-4503-3621-5},
 location = {Santiago, Chile},
 pages = {795--798},
 numpages = {4},
 doi = {10.1145/2766462.2767780},
 acmid = {2767780},
 publisher = {ACM},
 address = {New York, NY, USA},
 keywords = {generalized language model, word embedding},
 url = {http://doi.acm.org/10.1145/2766462.2767780}
}

@article{balikas2016empirical,
  author    = {Georgios Balikas and
               Massih{-}Reza Amini},
  title     = {An empirical study on large scale text classification with skip-gram
               embeddings},
  journal   = {CoRR},
  volume    = {abs/1606.06623},
  year      = {2016},
  url       = {http://arxiv.org/abs/1606.06623},
  archivePrefix = {arXiv},
  eprint    = {1606.06623},
  timestamp = {Wed, 07 Jun 2017 14:42:44 +0200},
  biburl    = {http://dblp.org/rec/bib/journals/corr/BalikasA16a},
  bibsource = {dblp computer science bibliography, http://dblp.org}
}

@inproceedings{ai2016analysis,
 author = {Ai, Qingyao and Yang, Liu and Guo, Jiafeng and Croft, W. Bruce},
 title = {Analysis of the Paragraph Vector Model for Information Retrieval},
 booktitle = {Proceedings of the 2016 ACM International Conference on the Theory of Information Retrieval},
 series = {ICTIR '16},
 year = {2016},
 isbn = {978-1-4503-4497-5},
 location = {Newark, Delaware, USA},
 pages = {133--142},
 numpages = {10},
 url = {http://doi.acm.org/10.1145/2970398.2970409},
 doi = {10.1145/2970398.2970409},
 acmid = {2970409},
 publisher = {ACM},
 address = {New York, NY, USA},
 keywords = {language model, paragraph vector},
}

@article{palangi2016deep,
 author = {Palangi, Hamid and Deng, Li and Shen, Yelong and Gao, Jianfeng and He, Xiaodong and Chen, Jianshu and Song, Xinying and Ward, Rabab},
 title = {Deep Sentence Embedding Using Long Short-term Memory Networks: Analysis and Application to Information Retrieval},
 journal = {IEEE/ACM Trans. Audio, Speech and Lang. Proc.},
 issue_date = {April 2016},
 volume = {24},
 number = {4},
 month = apr,
 year = {2016},
 issn = {2329-9290},
 pages = {694--707},
 numpages = {14},
 url = {http://dl.acm.org/citation.cfm?id=2992449.2992457},
 acmid = {2992457},
 publisher = {IEEE Press},
 address = {Piscataway, NJ, USA},
 keywords = {deep learning, long short-term memory, sentence embedding},
}

@inproceedings{Pang:2016:TMI:3016100.3016292,
 author = {Pang, Liang and Lan, Yanyan and Guo, Jiafeng and Xu, Jun and Wan, Shengxian and Cheng, Xueqi},
 title = {Text Matching As Image Recognition},
 booktitle = {Proceedings of the Thirtieth AAAI Conference on Artificial Intelligence},
 series = {AAAI'16},
 year = {2016},
 location = {Phoenix, Arizona},
 pages = {2793--2799},
 numpages = {7},
 url = {http://dl.acm.org/citation.cfm?id=3016100.3016292},
 acmid = {3016292},
 publisher = {AAAI Press},
}

@incollection{hu2014convolutional,
title = {Convolutional Neural Network Architectures for Matching Natural Language Sentences},
author = {Hu, Baotian and Lu, Zhengdong and Li, Hang and Chen, Qingcai},
booktitle = {Advances in Neural Information Processing Systems 27},
editor = {Z. Ghahramani and M. Welling and C. Cortes and N. D. Lawrence and K. Q. Weinberger},
pages = {2042--2050},
year = {2014},
publisher = {Curran Associates, Inc.},
url = {http://papers.nips.cc/paper/5550-convolutional-neural-network-architectures-for-matching-natural-language-sentences.pdf}
}

@inproceedings{collobert2008unified,
 author = {Collobert, Ronan and Weston, Jason},
 title = {A Unified Architecture for Natural Language Processing: Deep Neural Networks with Multitask Learning},
 booktitle = {Proceedings of the 25th International Conference on Machine Learning},
 series = {ICML '08},
 year = {2008},
 isbn = {978-1-60558-205-4},
 location = {Helsinki, Finland},
 pages = {160--167},
 numpages = {8},
 url = {http://doi.acm.org/10.1145/1390156.1390177},
 doi = {10.1145/1390156.1390177},
 acmid = {1390177},
 publisher = {ACM},
 address = {New York, NY, USA},
}

@inproceedings{shen2014latent,
 author = {Shen, Yelong and He, Xiaodong and Gao, Jianfeng and Deng, Li and Mesnil, Gr{\'e}goire},
 title = {A Latent Semantic Model with Convolutional-Pooling Structure for Information Retrieval},
 booktitle = {Proceedings of the 23rd ACM International Conference on Conference on Information and Knowledge Management},
 series = {CIKM '14},
 year = {2014},
 isbn = {978-1-4503-2598-1},
 location = {Shanghai, China},
 pages = {101--110},
 numpages = {10},
 url = {http://doi.acm.org/10.1145/2661829.2661935},
 doi = {10.1145/2661829.2661935},
 acmid = {2661935},
 publisher = {ACM},
 address = {New York, NY, USA},
 keywords = {convolutional neural network, deep learning, semantic representation, web search},
}

@article{DBLP:journals/corr/MitraC17,
  author    = {Bhaskar Mitra and
               Nick Craswell},
  title     = {Neural Models for Information Retrieval},
  journal   = {CoRR},
  volume    = {abs/1705.01509},
  year      = {2017},
  url       = {http://arxiv.org/abs/1705.01509},
  archivePrefix = {arXiv},
  eprint    = {1705.01509},
  timestamp = {Wed, 07 Jun 2017 14:41:04 +0200},
  biburl    = {http://dblp.org/rec/bib/journals/corr/MitraC17},
  bibsource = {dblp computer science bibliography, http://dblp.org}
}

@incollection{kreizhevsky2012image,
title = {ImageNet Classification with Deep Convolutional Neural Networks},
author = {Alex Krizhevsky and Sutskever, Ilya and Hinton, Geoffrey E},
booktitle = {Advances in Neural Information Processing Systems 25},
editor = {F. Pereira and C. J. C. Burges and L. Bottou and K. Q. Weinberger},
pages = {1097--1105},
year = {2012},
publisher = {Curran Associates, Inc.},
url = {http://papers.nips.cc/paper/4824-imagenet-classification-with-deep-convolutional-neural-networks.pdf}
}
